@Misc{itguru,
  author =       {OPNET},
  title =        {{IT Guru Academic Edition}},
  howpublished = {\url{http://www.opnet.com/university_program/itguru_academic_edition}}
}

@Misc{opnet,
  author =       {OPNET},
  title =        {{Application and Network Performance}},
  howpublished = {\url{http://www.opnet.com}}
}

@Misc{vmware,
  author =       {VMware},
  title =        {{VMware Player}},
  howpublished = {\url{http://www.vmware.com/products/player/}}
}

@Misc{netbios,
  author =       {Wikipedia},
  title =        {{NetBIOS}},
  howpublished = {\url{http://es.wikipedia.org/wiki/NetBIOS}}
}


@Misc{downloadubuntu,
  author =       {Sourceforge},
  title =        {{VMware project}},
  howpublished = {\url{http://sourceforge.net/projects/happypenguin/files/ubuntu/vmware/)}}
}

@Misc{top,
  author =       {Departament d'Enginyeria de la Informaci\'o i les Comunicacions},
  title =        {{TOP Enginyeria}},
  howpublished = {\url{http://top.uab.cat}}
}

@online{osi,
    author = {ISO Standarization Board},
    title = {{ISO 7498} : {Open Systems Interconnection} - Basic Reference Model},
    howpublished = {\url{http://standards.iso.org/ittf/PubliclyAvailableStandards/s020269_ISO_IEC_7498-1_1994(E).zip}}
}

@online{internet,
    author = {},
    title = {{Internet Protocol Suite}},
    howpublished = {\url{https://tools.ietf.org/html/rfc1122}}
}
@online{ns3,
  author = {{ns-3, Network simulator 3}},
  title = { Discrete-event network simulator for Internet systems},
  year = 2021,
  note = {\url{http://www.nsnam.org}},
}
@online{wireshark,
  author = {  Wireshark Team },
  title = { Wireshark},
  year = 2021,
  note = {\url{https://www.wireshark.org}},
}


